<marcxml:record xmlns:marcxml="http://www.loc.gov/MARC21/slim" xmlns:mets="http://www.loc.gov/METS/" xmlns:bf="http://id.loc.gov/ontologies/bibframe/" xmlns:bflc="http://id.loc.gov/ontologies/bflc/" xmlns:madsrdf="http://www.loc.gov/mads/rdf/v1#" xmlns:rdf="http://www.w3.org/1999/02/22-rdf-syntax-ns#" xmlns:ri="http://id.loc.gov/ontologies/RecordInfo#" xmlns:idx="info:lc/xq-modules/lcindex" xmlns:semtriples="http://marklogic.com/semantic" xmlns:xsi="http://www.w3.org/2001/XMLSchema-instance" xmlns:xlink="http://www.w3.org/1999/xlink" xmlns:streams="info:lc/streams#">
  <marcxml:leader>02942cam a22003254a 4500</marcxml:leader>
  <marcxml:controlfield tag="001">13881155</marcxml:controlfield>
  <marcxml:controlfield tag="005">20090528071821.0</marcxml:controlfield>
  <marcxml:controlfield tag="008">050223s2005    nyu      b    001 0 eng  </marcxml:controlfield>
  <marcxml:datafield tag="906" ind1=" " ind2=" ">
    <marcxml:subfield code="a">7</marcxml:subfield>
    <marcxml:subfield code="b">cbc</marcxml:subfield>
    <marcxml:subfield code="c">orignew</marcxml:subfield>
    <marcxml:subfield code="d">1</marcxml:subfield>
    <marcxml:subfield code="e">ocip</marcxml:subfield>
    <marcxml:subfield code="f">20</marcxml:subfield>
    <marcxml:subfield code="g">y-gencatlg</marcxml:subfield>
  </marcxml:datafield>
  <marcxml:datafield tag="925" ind1="0" ind2=" ">
    <marcxml:subfield code="a">acquire</marcxml:subfield>
    <marcxml:subfield code="b">2 shelf copies</marcxml:subfield>
    <marcxml:subfield code="x">policy default</marcxml:subfield>
  </marcxml:datafield>
  <marcxml:datafield tag="955" ind1=" " ind2=" ">
    <marcxml:subfield code="a">pc25 2005-02-23 to HLCD</marcxml:subfield>
    <marcxml:subfield code="c">sh20 2005-03-01</marcxml:subfield>
    <marcxml:subfield code="d">sh06 2005-03-15</marcxml:subfield>
    <marcxml:subfield code="e">sh06 2005-03-17 to Dewey</marcxml:subfield>
    <marcxml:subfield code="a">aa05 2005-03-18</marcxml:subfield>
    <marcxml:subfield code="a">ps04 2006-04-17 1 copy rec'd., to CIP ver.</marcxml:subfield>
    <marcxml:subfield code="f">pv21 2006-04-19 Z-CipVer</marcxml:subfield>
    <marcxml:subfield code="f">pv21 2006-04-19 CIP ver. to BCCD</marcxml:subfield>
    <marcxml:subfield code="a">lc15 2006-07-12 copy 2 added</marcxml:subfield>
  </marcxml:datafield>
  <marcxml:datafield tag="010" ind1=" " ind2=" ">
    <marcxml:subfield code="a">  2005043341</marcxml:subfield>
  </marcxml:datafield>
  <marcxml:datafield tag="020" ind1=" " ind2=" ">
    <marcxml:subfield code="a">006019460X</marcxml:subfield>
  </marcxml:datafield>
  <marcxml:datafield tag="020" ind1=" " ind2=" ">
    <marcxml:subfield code="a">9780060194604</marcxml:subfield>
  </marcxml:datafield>
  <marcxml:datafield tag="035" ind1=" " ind2=" ">
    <marcxml:subfield code="a">(OCoLC)ocm58546621</marcxml:subfield>
  </marcxml:datafield>
  <marcxml:datafield tag="040" ind1=" " ind2=" ">
    <marcxml:subfield code="a">DLC</marcxml:subfield>
    <marcxml:subfield code="c">DLC</marcxml:subfield>
    <marcxml:subfield code="d">YDX</marcxml:subfield>
    <marcxml:subfield code="d">BAKER</marcxml:subfield>
    <marcxml:subfield code="d">WIQ</marcxml:subfield>
    <marcxml:subfield code="d">UPZ</marcxml:subfield>
    <marcxml:subfield code="d">XY4</marcxml:subfield>
    <marcxml:subfield code="d">BUR</marcxml:subfield>
    <marcxml:subfield code="d">VP@</marcxml:subfield>
    <marcxml:subfield code="d">SYB</marcxml:subfield>
    <marcxml:subfield code="d">DLC</marcxml:subfield>
  </marcxml:datafield>
  <marcxml:datafield tag="042" ind1=" " ind2=" ">
    <marcxml:subfield code="a">pcc</marcxml:subfield>
  </marcxml:datafield>
  <marcxml:datafield tag="050" ind1="0" ind2="0">
    <marcxml:subfield code="a">BL312</marcxml:subfield>
    <marcxml:subfield code="b">.D37 2005</marcxml:subfield>
  </marcxml:datafield>
  <marcxml:datafield tag="082" ind1="0" ind2="0">
    <marcxml:subfield code="a">201/.3</marcxml:subfield>
    <marcxml:subfield code="2">22</marcxml:subfield>
  </marcxml:datafield>
  <marcxml:datafield tag="100" ind1="1" ind2=" ">
    <marcxml:subfield code="a">Davis, Kenneth C.</marcxml:subfield>
  </marcxml:datafield>
  <marcxml:datafield tag="245" ind1="1" ind2="0">
    <marcxml:subfield code="a">Don't know much about mythology :</marcxml:subfield>
    <marcxml:subfield code="b">everything you need to know about the greatest stories in human history but never learned /</marcxml:subfield>
    <marcxml:subfield code="c">Kenneth C. Davis.</marcxml:subfield>
  </marcxml:datafield>
  <marcxml:datafield tag="250" ind1=" " ind2=" ">
    <marcxml:subfield code="a">1st ed.</marcxml:subfield>
  </marcxml:datafield>
  <marcxml:datafield tag="260" ind1=" " ind2=" ">
    <marcxml:subfield code="a">New York :</marcxml:subfield>
    <marcxml:subfield code="b">HarperCollins Publishers,</marcxml:subfield>
    <marcxml:subfield code="c">c2005.</marcxml:subfield>
  </marcxml:datafield>
  <marcxml:datafield tag="300" ind1=" " ind2=" ">
    <marcxml:subfield code="a">viii, 545 p. ;</marcxml:subfield>
    <marcxml:subfield code="c">24 cm.</marcxml:subfield>
  </marcxml:datafield>
  <marcxml:datafield tag="504" ind1=" " ind2=" ">
    <marcxml:subfield code="a">Includes bibliographical references (p. [507]-519) and index.</marcxml:subfield>
  </marcxml:datafield>
  <marcxml:datafield tag="505" ind1="0" ind2="0">
    <marcxml:subfield code="g">Introduction --</marcxml:subfield>
    <marcxml:subfield code="t">All men have need of gods --</marcxml:subfield>
    <marcxml:subfield code="t">Gift of the Nile: the myths of Egypt --</marcxml:subfield>
    <marcxml:subfield code="t">By the rivers of Babylon: the myths of Mesopotamia --</marcxml:subfield>
    <marcxml:subfield code="t">Greek miracle: the myths of Greece and Rome --</marcxml:subfield>
    <marcxml:subfield code="t">An age of axes, an age of swords: the myths of the Celts and Norse --</marcxml:subfield>
    <marcxml:subfield code="t">Bridge to the East --</marcxml:subfield>
    <marcxml:subfield code="t">Radiance of a thousand suns: the myths of India --</marcxml:subfield>
    <marcxml:subfield code="t">Everywhere under heaven: the myths of China and Japan --</marcxml:subfield>
    <marcxml:subfield code="t">Out of Africa: the myths of sub-Saharan Africa --</marcxml:subfield>
    <marcxml:subfield code="t">Sacred hoops: the myths of the Americas and Pacific Islands.</marcxml:subfield>
  </marcxml:datafield>
  <marcxml:datafield tag="520" ind1=" " ind2=" ">
    <marcxml:subfield code="a">Where do we come from? Why do stars shine and the seasons change? What is evil? Since the beginning of time, people have answered such questions by crafting imaginative stories that have served as religion, science, philosophy, and popular literature. In his irreverent a question-and-answer style, Davis introduces and explains the great myths of the world, as well as the works of literature that have made them famous. He tackles Mesopotamia's Gilgamesh, the first hero in world mythology; Achilles and the Trojan War; Stonehenge and the Druids; Thor, the Nordic god of thunder; Chinese oracle bones; the use of peyote in ancient Native American rites; and the dramatic life and times of the man who would be Buddha. Ever familiar and instructive, Davis shows why the ancient tales of gods and heroes--from Mount Olympus to Machu Picchu, from ancient Rome to the icy land of the Norse--continue to speak to us today, in our movies, art, language, and music.--From publisher description.</marcxml:subfield>
  </marcxml:datafield>
  <marcxml:datafield tag="650" ind1=" " ind2="0">
    <marcxml:subfield code="a">Mythology.</marcxml:subfield>
  </marcxml:datafield>
  <marcxml:datafield tag="856" ind1="4" ind2="2">
    <marcxml:subfield code="3">Contributor biographical information</marcxml:subfield>
    <marcxml:subfield code="u">http://www.loc.gov/catdir/enhancements/fy0910/2005043341-b.html</marcxml:subfield>
  </marcxml:datafield>
  <marcxml:datafield tag="856" ind1="4" ind2="2">
    <marcxml:subfield code="3">Publisher description</marcxml:subfield>
    <marcxml:subfield code="u">http://www.loc.gov/catdir/enhancements/fy0910/2005043341-d.html</marcxml:subfield>
  </marcxml:datafield>
</marcxml:record>
